<?xml version="1.0" encoding="UTF-8"?><collection xmlns="http://www.loc.gov/MARC21/slim"><record><leader>00537nam--2200169-u-4500</leader><controlfield tag="001">000052457</controlfield><controlfield tag="002">20161230</controlfield><controlfield tag="005">20161230201050</controlfield><controlfield tag="008">100714s1000------------r-----000-0-eng-d</controlfield><datafield ind1=" " ind2=" " tag="040"><subfield code="a">IFIN-HH</subfield></datafield><datafield ind1="1" ind2=" " tag="100"><subfield code="a">Aris, Rutherford</subfield></datafield><datafield ind1="1" ind2="0" tag="245"><subfield code="a">Vectors, Tensors, and the Basic Equations of Fluid Mechanics</subfield><subfield code="c">Rutherford Aris</subfield></datafield><datafield ind1=" " ind2=" " tag="260"><subfield code="a">London</subfield><subfield code="b">Prentice-Hall, Inc</subfield><subfield code="c">1962</subfield></datafield><datafield ind1=" " ind2=" " tag="300"><subfield code="a">286 p</subfield></datafield><datafield ind1=" " ind2=" " tag="490"><subfield code="a">Prentice-Hall International Series in The Physical and Chemical Engineering Sciences</subfield></datafield><datafield ind1=" " ind2=" " tag="852"><subfield code="a">35853</subfield><subfield code="c">532</subfield></datafield><datafield ind1=" " ind2=" " tag="CAT"><subfield code="a">Sys</subfield><subfield code="c">20100714</subfield><subfield code="h">150805</subfield></datafield></record></collection>